@BOOK{FridrichBook,
  author       = {Fridrich, J.},
  title        = {Steganography in Digital Media: Principles, Algorithms, and
Applications},
  address      = {New York},
  publisher    = {Cambridge University Press},
  year         = {2009},
  pagetotal    = {437},
  edition         = {1st},
  language     = {english}
}

@BOOK{Agranovskiy,
  author       = {Аграновский, А. В. and Балакин, А. В. and Грибунин, В. Г. and Сапожников, С. А.},
  title        = {Стеганография, цифровые водяные знаки и стеганоанализ: Монография},
  address      = {М.},
  publisher    = {Вузовская книга},
  year         = {2009},
  pagetotal    = {220},
  language     = {russian}
}

@incollection{BackProp,
  language     = {english},
  address = {Cambridge, MA},
  author = {Rumelhart, D. E. and Hinton, G. E. and Williams, R. J.},
  booktitle = {Computational models of cognition and perception},
  volume = {1},
  pages = {319--362},
  chapter = {8},
  publisher = {MIT Press},
  title = {Learning Internal Representations by Error Propagation},
  year = 1986
}

@incollection{HideAndSeek,
  year = {1998},
  publisher = {Springer Berlin Heidelberg},
  pages = {273--289},
  author       = {Johnson, N. F. and Jajodia, S.},
  title = {Steganalysis of Images Created Using Current Steganography Software},
  booktitle = {Information Hiding},
  language     = {english},
}

@incollection{Tikhonov,
  year = {1965},
  pages = {591--594},
  author       = {Тихонов, А. Н.},
  title = {О некорректных задачах линейной алгебры и устойчивом методе их решения},
  booktitle = {ДАН СССР},

  number = {3},
  volume = {163},}

@inproceedings{GNCNN,
  year = {2015},
  publisher = {{SPIE}},
  author = {Qian, Y. and Dong, J. and Wang, W. and Tan, T.},
  editor = {Alattar, A. M. and Memon, N. D. and Heitzenrater, C. D.},
  title = {Deep learning for steganalysis via convolutional neural networks},
  booktitle = {Media Watermarking, Security, and Forensics 2015},
  language = {english}
}

@article{FridrichLossless,
  year = {2002},
  publisher = {Springer Nature},
  volume = {2002},
  number = {2},
  author = {Fridrich, J. and Goljan, M. and Du, R.},
  title = {Lossless Data Embedding{\textemdash}New Paradigm in Digital Watermarking},
  journal = {{EURASIP} Journal on Advances in Signal Processing},
  language = {english}
}

@article{FridrichRSAnalysis,
  year = {2001},
  publisher = {Institute of Electrical and Electronics Engineers ({IEEE})},
  volume = {8},
  number = {4},
  pages = {22--28},
  author = {Fridrich, J. and Goljan, M. and Du, R.},
  title = {Detecting {LSB} steganography in color,  and gray-scale images},
  journal = {{IEEE} Multimedia},
  language = {english}
}

@incollection{FridrichNoiseResidual,
  year = {2011},
  publisher = {Springer Berlin Heidelberg},
  pages = {102--117},
  author       = {Fridrich, J. and Kodovsk{\'{y}}, J. and Holub, V. and Goljan, M.},
  title = {Steganalysis of Content-Adaptive Steganography in Spatial Domain},
  language     = {english},
  booktitle = {Information Hiding}
}

@INPROCEEDINGS{ZhaoKoch,
    author = {Zhao, J. and Koch, E.},
    title = {Embedding Robust Labels Into Images For Copyright Protection},
    booktitle = {Proceedings of the International Congress on Intellectual Property Rights for Specialized Information, Knowledge and New Technologies},
    year = {1995},
    language     = {english},
    pages = {242--251}
}

@INPROCEEDINGS{KochZhao,
    author = {Koch, E. and Zhao, J.},
    title = {Towards Robust and Hidden Image Copyright Labeling},
    booktitle = {Proc. of 1995 IEEE Workshop on Nonlinear Signal and Image Processing},
    year = {1995},
    language  = {english},
    pages = {452--455}
}

@article{S-UNIWARD,
  year = {2014},
  publisher = {Springer Nature},
  volume = {2014},
  number = {1},
  author = {Holub, V. and Fridrich, J. and Denemark, T.},
  title = {Universal distortion function for steganography in an arbitrary domain},
  journal = {{EURASIP} Journal on Information Security},
  language = {english}
}

@incollection{HUGO,
  year = {2010},
  publisher = {Springer Berlin Heidelberg},
  pages = {161--177},
  author = {Pevn{\'{y}}, T. and Filler, T. and Bas, P.},
  title = {Using High-Dimensional Image Models to Perform Highly Undetectable Steganography},
  booktitle = {Information Hiding},
  language = {english}
}

@inproceedings{WOW,
  year = {2012},
  language  = {english},
  publisher = {{IEEE}},
  author = {Holub, V. and Fridrich, J.},
  title = {Designing steganographic distortion using directional filters},
  booktitle = {2012 {IEEE} International Workshop on Information Forensics and Security ({WIFS})}
}

@article{Adam,
  title={Adam: A Method for Stochastic Optimization},
  author={Kingma, D. P. and Ba, J.},
  journal={CoRR},
  year={2015},
  language = {english},
  url={https://arxiv.org/abs/1412.6980}
}

@article{FrenchCNN,
  author    = {Couchot, J.-F. and Couturier, R. and Guyeux, C. and Salomon, M.},
  title     = {Steganalysis via a Convolutional Neural Network using Large Convolution Filters},
  journal   = {CoRR},
  language = {english},
  year      = {2016},
  url       = {http://arxiv.org/abs/1605.07946},
  media = {online}
}

@article{Qian2017,
  year = {2017},
  publisher = {Springer Nature},
  volume = {77},
  number = {15},
  pages = {19633--19657},
  author = {Qian, Y. and Dong, J. and Wang, W. and Tan, T.},
  title = {Feature learning for steganalysis using convolutional neural networks},
  journal = {Multimedia Tools and Applications}
}

@article{SirotaHIC,
  year = {2018},
  number = {3},
  pages = {483--494},
  author = {Сирота, А. А. and Дрюченко, М. А. and Митрофанова, Е. Ю.},
  title = {Метод создания цифровых водяных знаков на основе гетероассоциативных сжимающих преобразований изображений и его реализация с использованием искусственных нейронных сетей},
  journal = {Компьютерная оптика},
  language = {russian}
}

@article{RishidasS2015,
  year = {2015},
  publisher = {{ESRSA} Publications Pvt. Ltd.},
  volume = {4},
  number = {3},
  author = {Rishidas, S. and  Gayathri Krishnan, L. and  Sujith Kumar, T. P.},
  title = {A Comparative Study of Steganalysis using Support Vector Machines on Different Image Formats},
  journal = {International Journal of Engineering Research and Technology},
  language = {english}
}

@article{Rosenblatt1,
  year = {1958},
  volume = {65},
  number = {6},
  author = {Rosenblatt, F.},
  title = {The Perceptron: A Probabilistic Model for Information Storage and Organization in the Brain},
  journal = {Psychological Review},
  pages = {386--408},
  language = {english}
}

@BOOK{Rosenblatt2,
  author = {Rosenblatt, F.},
  title        = {Principles of Neurodynamics},
  address      = {New York},
  publisher    = {Spartan},
  year         = {1962},
  language     = {english},
}

@article{HistogramDFTSVM,
  year = {2009},
  volume = {1},
  number = {1},
  pages = {367--371},
  author = {Manjula Devi, T. H. and Manjunatha Reddy, H.S. and Raja, K. B. and Venugopal,  K. R. and Patnaik,  L. M.},
  title = {Detecting Original Image Using Histogram, DFT and SVM},
  journal = {International Journal of Recent Trends in Engineering},
  language = {english}
}

@MISC{PPG-LIRMM-COLOR,
  title        = {PPG-LIRMM-COLOR base},
  url          = {http://www.lirmm.fr/~chaumont/PPG-LIRMM-COLOR.html},
  media     = {eresource},
  media2  = {online}
}

@MISC{ipynb,
  title        = {Jupyter and the future of IPython --- IPython},
  url          = {https://ipython.org},
  media     = {eresource},
  media2  = {online}
}

@MISC{Keras,
  title        = {Home - Keras Documentation},
  url          = {https://keras.io},
  media     = {eresource},
  media2  = {online}
}

@MISC{TensorFlow,
  title        = {TensorFlow},
  url          = {https://www.tensorflow.org},
  media     = {eresource},
  media2  = {online}
}

@MISC{livelossplot,
  title        = {stared/livelossplot: Live training loss plot in Jupyter Notebook for Keras, PyTorch and others},
  url          = {https://github.com/stared/livelossplot},
  media     = {eresource},
  media2  = {online}
}

@MISC{ppmtopgm,
  title        = {Ppmtopgm User Manual},
  url          = {http://netpbm.sourceforge.net/doc/ppmtopgm.html},
  media     = {eresource},
  media2  = {online}
}